@inproceedings{tech-debt,
    author = {Sculley, D. and Holt, Gary and Golovin, Daniel and Davydov, Eugene and Phillips, Todd and Ebner, Dietmar and Chaudhary, Vinay and Young, Michael and Crespo, Jean-Fran\c{c}ois and Dennison, Dan},
    booktitle = {Advances in Neural Information Processing Systems},
    editor = {C. Cortes and N. Lawrence and D. Lee and M. Sugiyama and R. Garnett},
    pages = {},
    publisher = {Curran Associates, Inc.},
    title = {Hidden Technical Debt in Machine Learning Systems},
    url = {https://proceedings.neurips.cc/paper/2015/file/86df7dcfd896fcaf2674f757a2463eba-Paper.pdf},
    volume = {28},
    year = {2015}
}
@Book{multi-view-geo,
    author       = "Richard I. Hartley and Andrew Zisserman",
    title        = "Multiple View Geometry in Computer Vision",
    year         = "2004",
    publisher    = "Cambridge University Press, ISBN: 0521540518",
    edition      = "Second",
}
